% Файл библиографии для списка использованных источников

@misc{eda,
	title = {<<Еда>> [Электронный ресурс]},
	url = {https://eda.ru},
	urldate = {2024-11-04}
}

@misc{nanotime,
	title = {Документация языка программирования $Java$ -- класс $System$ [Электронный ресурс]},
	url = {https://docs.oracle.com/en/java/javase/21/docs/api/java.base/java/lang/System.html#nanoTime()},
	urldate = {2024-11-04}
}

@misc{sqlite,
	title = {Документация базы данных $SQLite$ [Электронный ресурс]},
	url = {https://www.sqlite.org/docs.html},
	urldate = {2024-11-15}
}

@misc{thread,
	title = {Документация языка программирования $Java$ -- класс $Thread$ [Электронный ресурс]},
	url = {https://docs.oracle.com/en/java/javase/21/docs/api/java.base/java/lang/Thread.html},
	urldate = {2024-11-04}
}