@inbook {
	levenshtein,
	author = "Погорелов Д. А., Тарзанов А. М., Волкова Л. Л.",
	title = "Сравнительный анализ алгоритмов редакционного расстояния Левенштейна и Дамерау-Левенштейна",
	publisher = "Международный научный журнал «Синергия наук»",
	pages = "803--811",
	language = "russian",
	year = 2019,
}

@inbook {
	levenshtein2,
	author="Черненький В. Е., Гапанюк Ю. Е.",
	title="Методика идентификации пассажира по установочным данным",
	publisher="Вестник МГТУ им. Н. Э. Баумана",
	pages = "31--34",
	language = "russian",
	year = 2012,
}

@misc {
	clockgettime,
	title="$clock\_gettime(3)$ - Linux manual page [Электронный ресурс]",
	howpublished="Режим доступа: \url{https://man7.org/linux/man-pages/man3/clock_gettime.3.html} (Дата обращения: 15.09.2024)",
}