@inbook {
	levenshtein,
	author = "Погорелов Д. А., Тарзанов А. М.",
	title = "Сравнительный анализ алгоритмов редакционного расстояния Левенштейна и Дамерау-Левенштейна",
	publisher = "Международный научный журнал «Синергия наук»",
	pages = "803-811",
	language = "russian",
	year = 2019,
}

@inbook {
	levenshtein2,
	author="Черненький В. Е., Гапанюк Ю. Е.",
	title="Методика идентификации пассажира по установочным данным",
	publisher="Вестник МГТУ им. Н. Э. Баумана",
	pages = "31-34",
	language = "russian",
	year = 2012,
}

@misc {
	utime,
	title="Документация языка $Micropython$, модуль $utime$, функция $ticks\_us$ [Электронный ресурс]",
	howpublished="Режим доступа: \url{https://docs.micropython.org/en/v1.15/library/utime.html#utime.ticks_us} (Дата обращения:~01.11.2024)",
}