@inbook {
	search,
	author="Ахматова С.С.",
	title="Алгоритмы поиска данных",
	publisher = "Современные наукоемкие технологии №3",
	pages = "11-14",
	language = "russian",
	year = 2007,
}

@inbook {
	sort,
	author="Ландовский В.В.",
	title="Алгоритмы обработки данных",
	publisher = "Новосибирск: Издательство НГТУ",
	pages = "11-17",
	language = "russian",
	year = 2018,
}