@inbook {
	vinograd,
	author="Крейнделин В.Б., Григорьева Е. Д.",
	title="Анализ быстрого алгоритма умножения матриц и векторов для банка цифровых фильтров",
	publisher = "T-Comm: Телекоммуникация и транспорт. Том 15. №1",
	pages = "4-10",
	language = "russian",
	year = 2021,
}



@misc {
	clockgettime,
	title="$clock\_gettime(3)$ -- Linux manual page [Электронный ресурс]",
	howpublished="Режим доступа: \url{https://man7.org/linux/man-pages/man3/clock_gettime.3.html} (Дата обращения: 15.09.2024)",
}