% Файл библиографии для списка использованных источников

@book{borozdov,
	author = {Бороздов~В.~О.},
	title = {Исследование решения задачи коммивояжёра},
	year = {2009},
	publisher = {Вестник Астраханского государственного технического университета. Серия: Управление, вычислительная техника и информатика},
}

@book{netcycle,
	author = {Шведов,~А.~В. and Гадасин,~Д.~В. and Вакурин,~И.~В.},
	title = {Разгрузка очереди сети при помощи Гамильтонова цикла},
	year = {2021},
	publisher = {REDS: Телекоммуникационные устройства и системы, №3},
	pages = {44-52}
}

@book{ants,
	author = {Штовба~С.~Д.},
	title = {Муравьиные алгоритмы},
	year = {2003},
	publisher = {Мастерская решений},
	pages = {70-75}
}

@misc{tmxb,
	title = {Документация языка программирования $Java$ -- класс $ThreadMXBean$ [Электронный ресурс]},
	url = {https://docs.oracle.com/javase/8/docs/api/java/lang/management/ThreadMXBean.html#getCurrentThreadCpuTime--},
	urldate = {2024-12-20}
}



